% This file was created with JabRef 2.7b.
% Encoding: UTF-8

@inproceedings{9093360,
    author = {Desai, Saurabh and Ramaswamy, Harish G.},
    booktitle = {2020 IEEE Winter Conference on Applications of Computer Vision
                 (WACV)},
    title = {Ablation-CAM: Visual Explanations for Deep Convolutional Network
             via Gradient-free Localization},
    year = {2020},
    volume = {},
    number = {},
    pages = {972-980},
    keywords = {Visualization;Neurons;Task analysis;Computer architecture;Data
                models;Data visualization;Backpropagation},
    doi = {10.1109/WACV45572.2020.9093360},
}

@misc{ribeiro2016why,
    title = {"Why Should I Trust You?": Explaining the Predictions of Any
             Classifier},
    author = {Marco Tulio Ribeiro and Sameer Singh and Carlos Guestrin},
    year = {2016},
    eprint = {1602.04938},
    archivePrefix = {arXiv},
    primaryClass = {cs.LG},
}

@misc{lundberg2017unified,
    title = {A Unified Approach to Interpreting Model Predictions},
    author = {Scott Lundberg and Su-In Lee},
    year = {2017},
    eprint = {1705.07874},
    archivePrefix = {arXiv},
    primaryClass = {cs.AI},
}
@article{Selvaraju_2019,
    title = {Grad-CAM: Visual Explanations from Deep Networks via Gradient-Based
             Localization},
    volume = {128},
    ISSN = {1573-1405},
    url = {http://dx.doi.org/10.1007/s11263-019-01228-7},
    DOI = {10.1007/s11263-019-01228-7},
    number = {2},
    journal = {International Journal of Computer Vision},
    publisher = {Springer Science and Business Media LLC},
    author = {Selvaraju, Ramprasaath R. and Cogswell, Michael and Das, Abhishek
              and Vedantam, Ramakrishna and Parikh, Devi and Batra, Dhruv},
    year = {2019},
    month = oct,
    pages = {336â€“359},
}

